@book{xv6Kernel, 
    title={xv6, a simple Unix-like teaching operating system},
    author={Russ Cox and Frans Kaashoek and Robert Morris},
    year={2012},
    publisher={MIT},
    url={https://pdos.csail.mit.edu/6.828/2022/xv6.html}
}

@misc{xv6VideoSeries,
    title={xv6 video series},
    author={Harry H. Porter III},
    year={2021},
    url={https://www.youtube.com/playlist?list=PLbtzT1TYeoMhTPzyTZboW_j7TPAnjv9XB}
}

@book{xv6Book,
    title={The Design of the {xv6} {x86} Operating System},
    author={Russ Cox and Frans Kaashoek and Robert Morris},
    year={2019},
    url={https://pdos.csail.mit.edu/6.828/2018/xv6/book-rev10.pdf}
}

@book{OpeartingSystemConcepts,
  author       = {Abraham Silberschatz and
                  Peter Baer Galvin and
                  Greg Gagne},
  title        = {Operating System Concepts, 10th Edition},
  publisher    = {Wiley},
  year         = {2018},
  url          = {http://os-book.com/OS10/index.html},
  isbn         = {978-1-118-06333-0},
  timestamp    = {Sun, 29 Dec 2019 10:48:30 +0100},
  biburl       = {https://dblp.org/rec/books/wi/SGG2018.bib},
  bibsource    = {dblp computer science bibliography, https://dblp.org}
}
